@Article{Shinkarenko_2022,
  author    = {Е. А. Шинкаренко},
  journal   = {Вестник Нижегородского университета им. Н. И. Лобачевского. Серия: Социальные науки},
  title     = {Резюме как элемент практик поиска работы молодежью},
  year      = {2022},
  number    = {2},
  pages     = {135--140},
  doi       = {10.52452/18115942_2022_2_135},
  language  = {russian},
  publisher = {Вестник Нижегородского университета им. Н. И. Лобачевского},
}

@Article{Kosolapova_2020,
  author   = {Т. В. Косолапова},
  journal  = {Поволжский педагогический вестник},
  title    = {Типологические особенности современного резюме на английском языке},
  year     = {2020},
  number   = {2 (27)},
  pages    = {30--35},
  volume   = {8},
  language = {russian},
}

@Article{Razin_2020,
  author   = {С. А. Разин},
  journal  = {E-Scio},
  title    = {Что должен знать начинающий {N}ode.js разработчик},
  year     = {2020},
  number   = {48},
  volume   = {9},
  language = {russian},
}

@Article{Efremov_2020,
  author   = {В. М. Ефремов},
  journal  = {Инновационная наука},
  title    = {Разработка веб-сайта с использованием {B}ootstrap},
  year     = {2020},
  number   = {6},
  pages    = {40--42},
  language = {russian},
}

@Article{Bezruk_2022,
  author   = {П. А. Безрук},
  journal  = {Актуальные проблемы авиации и космонавтики},
  title    = {Разработка системы распределенного мониторинга компьютерной сети на основе {R}est {API}},
  year     = {2022},
  number   = {13},
  pages    = {94--95},
  volume   = {2},
  language = {russian},
}

@Article{Garin_2021,
  author   = {М. А. Гарин and Д. К. Егорова and С. Ф. Сайфетдинов},
  journal  = {Огарёв-Online},
  title    = {Cоздание {W}orkflow аналитической платформы {KNIME} для анализа данных на примере вакансий сайта {H}ead{H}unter},
  year     = {2021},
  number   = {165},
  pages    = {1-6},
  volume   = {12},
  language = {russian},
}

@Article{Gruzin_2021,
  author   = {Н. А. Грузин and А. А. Голубничий},
  journal  = {E-Scio},
  title    = {Обзор и сравнение хостингов для git-репозиториев: {B}itbucket, {G}ithub и {G}itlab},
  year     = {2021},
  number   = {1 (52)},
  pages    = {588--596},
  language = {russian},
}

@Book{hh_about,
  title = {О компании {H}ead{H}unter [{Э}лектронный ресурс]},
  note  = {URL:~\url{https://saratov.hh.ru/article/28} (дата обращения 28.04.2022). Загл. с экр. Яз. рус.},
}

@Book{gh_cv,
  title = {Пишем резюме на GitHub. Краткий гайд [{Э}лектронный ресурс]},
  note  = {URL:~\url{https://javarush.com/groups/posts/3424-pishem-rezjume-na-github} (дата обращения 28.04.2024). Загл. с экр. Яз. рус.},
}

@Book{tilda_template,
  title = {Создание сайта с резюме [{Э}лектронный ресурс]},
  note  = {URL:~\url{https://tilda.cc/ru/tpls/sozdanie-saita-rezume/} (дата обращения 28.04.2024). Загл. с экр. Яз. рус.},
}

@Book{Holms_2023,
  author    = {С. Холмс},
  editor    = {Н. Гринчик},
  publisher = {Питер},
  title     = {Стек {MEAN}. {M}ongo, {E}xpress, {A}ngular, {N}ode},
  year      = {2023},
  address   = {Санкт-Петербург},
  isbn      = {978-5-496-02459-4},
  language  = {russian},
}

@Book{Mikovsky_2020,
  author    = {М. Миковски and П. Джош},
  editor    = {А. А. Слинкин},
  publisher = {ДМК Пресс},
  title     = {Разработка одностраничных веб-приложений},
  year      = {2020},
  address   = {Москва},
  language  = {russian},
}

@Book{Fain_2022,
  author    = {Я. Файн and А. Моисеев},
  publisher = {Питер},
  title     = {Angular и {T}ype{S}cript. {С}айтостроение для профессионалов},
  year      = {2022},
  address   = {Санкт-Петербург},
  isbn      = {978-5-4461-0496-3},
  language  = {russian},
}

@Book{hh_api,
  title = {A{PI} {H}ead{H}unter. Общая информация [{Э}лектронный ресурс]},
  note  = {URL:~\url{https://github.com/hhru/api/blob/master/docs/general.md} (дата обращения 28.04.2024). Загл. с экр. Яз. рус.},
}

@Book{Prohorenok_2021,
  author    = {Н. А. Прохоренок},
  publisher = {БХВ},
  title     = {Bootstrap и {CSS}-препроцессор {S}ass. Самое необходимое},
  year      = {2021},
  address   = {Санкт-Петербург},
  language  = {russian},
}

@Article{Shinkarenko_2021,
  author   = {Е. А. Шинкаренко},
  journal  = {Вестник Пермского национального исследовательского политехнического университета. Социально-экономические науки},
  title    = {Сценарии поиска работы студентами и выпускниками социоэкономических специальностей},
  year     = {2021},
  number   = {2},
  pages    = {35--50},
  language = {russian},
}

@Book{github_vs,
  title = {Bitbucket vs {G}ithub vs {G}itlab {I}nfographics [{Э}лектронный ресурс]},
  note  = {URL:~\url{https://www.educba.com/bitbucket-vs-github-vs-gitlab/} (дата обращения 28.04.2024). Загл. с экр. Яз. англ.},
}

@Book{Chacon_2017,
  author    = {С. Чакон and Б. Штрауб},
  publisher = {Питер},
  title     = {Git для профессионального программиста},
  year      = {2017},
  address   = {Санкт-Петербург},
  isbn      = {978-5-496-01763-3},
  language  = {russian},
}

@Article{Arhipov_2015,
  author   = {Л. В. Архипов},
  journal  = {Инновации в науке},
  title    = {Концепция применения контентно-адресуемых систем хранения для контроля версий},
  year     = {2015},
  number   = {12 (49)},
  pages    = {42--46},
  language = {russian},
}

@Article{Gridneva_2021,
  author   = {М. А. Гриднева and М. Ю. Федосова},
  journal  = {Телескоп},
  title    = {Особенности работы с персоналом в it-сфере},
  year     = {2021},
  number   = {1},
  pages    = {106--112},
  language = {russian},
}

@Book{Masse_rest,
  author    = {Masse, Mark},
  publisher = {O'Reilly Media},
  title     = {REST API design rulebook},
  year      = {2011},
  isbn      = {9781449317904},
  pages     = {94},
  language = {russian},
}

@Book{rjs_vs_rn,
  title = {Разница между {R}eact {JS} и {R}eact {N}ative [{Э}лектронный ресурс]},
  note  = {URL:~\url{https://itanddigital.ru/react} (дата обращения 05.05.2024). Загл. с экр. Яз. рус.},
}

@Book{rjs,
  title = {{R}eact{JS}: философия, области применения, требования к бэкенду и всё, что нужно знать о технологии сейчас [{Э}лектронный ресурс]},
  note  = {URL:~\url{https://vc.ru/dev/567245} (дата обращения 05.05.2024). Загл. с экр. Яз. рус.},
}

@Article{Ershov_web,
  author   = {Т. А. Ершов},
  journal  = {E-Scio},
  title    = {Обзор современных технологий разработки для web-приложений},
  year     = {2023},
  number   = {8 (83)},
  pages    = {38--42},
  abstract = {russian},
  language = {russian},
}

@Article{Cheprasov2023,
  author   = {И. А. Чепрасов},
  journal  = {Научно-технические инновации и веб-технологии},
  title    = {{О}ценка целесообразности использования {N}ext.js в {R}eact-приложениях},
  year     = {2023},
  number   = {2},
  pages    = {60--65},
  language = {russian},
}

@Article{Nikitin_nextjs,
  author   = {А. А. Никитин and Д. А. Носов},
  journal  = {Информационно-телекоммуникационные системы и технологии},
  title    = {Использование фреймворка {N}ext.js в современных веб-приложениях},
  year     = {2022},
  pages    = {136--137},
  language = {russian},
}

@Book{Tailwind,
  title = {Обзор фреймворка {T}ailwind{CSS}: чем он хорош и кому будет полезен [{Э}лектронный ресурс]},
  note  = {URL:~\url{https://timeweb.com/ru/community/articles/chto-takoe-tailwindcss-zachem-nuzhen-i-chem-horosh} (дата обращения 05.05.2024). Загл. с экр. Яз. рус.},
}

@Article{Rifandi_2022,
  author    = {F. Rifandi and T. V. Adriansyah and R. Kurniawati},
  journal   = {Jurnal E-Komtek (Elektro-Komputer-Teknik)},
  title     = {{W}ebsite {G}allery {D}evelopment {U}sing {T}ailwind {CSS} {F}ramework},
  year      = {2022},
  issn      = {2580-3719},
  number    = {2},
  pages     = {205--214},
  volume    = {6},
  doi       = {10.37339/e-komtek.v6i2.937},
  language  = {russian},
  publisher = {Politeknik Dharma Patria Kebumen},
}

@Article{Kalinin_mic,
  author   = {Н. А. Калинин and А. И. Архипова and Г. М. Тулегенов},
  journal  = {Информационные технологии в науке, промышленности и образовании},
  title    = {Внедрение технологий взаимодействия между микросервисами и внешними клиентами при проектировании информационных систем},
  year     = {2023},
  pages    = {97--101},
  language = {russian},
}

@Book{postman_what,
  title = {What is Postman? [{Э}лектронный ресурс]},
  note  = {URL:~\url{https://www.postman.com/product/what-is-postman} (дата обращения 12.05.2024). Загл. с экр. Яз. англ.},
}

@Book{postman_introduction,
  title = {Introduction to Postman for API development [{Э}лектронный ресурс]},
  note  = {URL:~\url{https://www.geeksforgeeks.org/introduction-postman-api-development/} (дата обращения 12.05.2024). Загл. с экр. Яз. англ.},
}

@Book{mongodb_what,
  title = {What is MongoDB [{Э}лектронный ресурс]},
  note  = {URL:~\url{https://www.mongodb.com/company/what-is-mongodb} (дата обращения 10.05.2024). Загл. с экр. Яз. англ.},
}

@Book{data_introduction,
  title = {Data Modeling Introduction [{Э}лектронный ресурс]},
  note  = {URL:~\url{https://www.mongodb.com/docs/v5.0/core/data-modeling-introduction/} (дата обращения 10.05.2024). Загл. с экр. Яз. англ.},
}

@Book{docker_documentation,
  title = {Документация Docker [{Э}лектронный ресурс]},
  note  = {URL:~\url{https://docs.docker.com} (дата обращения 15.05.2024). Загл. с экр. Яз. англ.},
}

@Article{Marinchuk_2020,
  author  = {А. С. Маринчук},
  journal = {Постулат},
  title   = {Тестирование различных {A}{P}{I} сервисов с помощью инструмента {P}ostman},
  year    = {2020},
  issn    = {2414-4487},
  number  = {51},
  pages   = {115--123},
  volume  = {1},
  language = {russian},
}

@Article{Cockoulin_2022,
  author  = {А. Н. Кокоулин and Н. А. Гагарин},
  journal = {Автоматизированные системы управления и Информационные технологии},
  title   = {Анализ уязвимостей современных {N}o{SQL} {БД} {R}edis, mongodb, {C}lickhouse и методы их защиты},
  year    = {2022},
  number  = {1},
  pages   = {201--204},
  volume  = {2},
  language = {russian},
}

@Article{Beloded_2023,
  author  = {Н. И. Белодед and А. А. Юрьев},
  journal = {Взаимодействие науки и общества - путь к модернизации и инновационному развитию},
  title   = {Контейнеризация и использование {D}ocker в веб - разработке},
  year    = {2023},
  number  = {1},
  pages   = {68--69},
  volume  = {2},
  language = {russian},
}

@Book{docker_introduction,
  title = {Краткий экскурс в {D}ocker [{Э}лектронный ресурс]},
  note  = {URL:~\url{https://www.nic.ru/help/kratkij-ekskurs-v-docker_11188} (дата обращения 13.05.2024). Загл. с экр. Яз. англ.},
}

@Book{vercel_official,
  title = {Официальный сайт {V}ercel [{Э}лектронный ресурс]},
  note  = {URL:~\url{https://vercel.com/} (дата обращения 13.05.2024). Загл. с экр. Яз. англ.},
}

@Article{Litvincev_2023,
  author  = {П. А. Литвинцев},
  journal = {Вестник науки},
  title   = {Сравнительный анализ подходов к хостингу одностраничных и классических веб - приложений в образовательных целях},
  year    = {2023},
  number  = {7},
  pages   = {227--231},
  volume  = {64},
  language = {russian},
}

@Book{vercel_mural,
  title = {{MURAL} -- {C}ase {S}tudy [{Э}лектронный ресурс]},
  note  = {URL:~\url{https://vercel.com/customers/mural} (дата обращения 13.05.2024). Загл. с экр. Яз. англ.},
}